<?xml version="1.0" encoding="UTF-8"?><collection xmlns="http://www.loc.gov/MARC21/slim"><record><leader>00450nam--2200145-i-4500</leader><controlfield tag="001">000042137</controlfield><controlfield tag="002">20161230</controlfield><controlfield tag="005">20161230201043</controlfield><controlfield tag="008">060222s1000------------r-----000-0-eng-d</controlfield><datafield ind1=" " ind2=" " tag="080"><subfield code="a">621.47:541.144.6:621.042</subfield></datafield><datafield ind1=" " ind2=" " tag="245"><subfield code="a">Solar energy. chemical conversion and storage</subfield></datafield><datafield ind1=" " ind2=" " tag="260"><subfield code="a">Clifton, The Humana Press, 1979. X + 419 P</subfield></datafield><datafield ind1=" " ind2=" " tag="490"><subfield code="a">Contemporany Issues In Sc.And Soc</subfield></datafield><datafield ind1=" " ind2=" " tag="700"><subfield code="a">Richdard R.Hautala, R.Bruce King And Charles Kutal</subfield></datafield><datafield ind1=" " ind2=" " tag="852"><subfield code="a">70102</subfield></datafield></record></collection>